<record xmlns="http://www.loc.gov/MARC21/slim" xmlns:xsi="http://www.w3.org/2001/XMLSchema-instance" xsi:schemaLocation="http://www.loc.gov/MARC21/slim http://www.loc.gov/standards/marcxml/schema/MARC21slim.xsd"><leader>00590cz   2200169n  4500</leader><controlfield tag="001">oca00340803 </controlfield><controlfield tag="005">19890711141100.2</controlfield><controlfield tag="008">800617n| acannaab|          |a aaa |||  </controlfield><datafield ind1=" " ind2=" " tag="010"><subfield code="a">n  79108895 </subfield></datafield><datafield ind1=" " ind2=" " tag="040"><subfield code="a">DLC</subfield><subfield code="c">DLC</subfield><subfield code="d">DLC</subfield></datafield><datafield ind1="0" ind2=" " tag="100"><subfield code="a">Bion,</subfield><subfield code="c">of Phlossa near Smyrna.</subfield></datafield><datafield ind1="0" ind2=" " tag="400"><subfield code="a">Bion,</subfield><subfield code="c">of Smyrna</subfield><subfield code="w">nnaa</subfield></datafield><datafield ind1="0" ind2=" " tag="400"><subfield code="a">Bione,</subfield><subfield code="c">di Smirne</subfield></datafield><datafield ind1="0" ind2=" " tag="400"><subfield code="a">Bion,</subfield><subfield code="c">Smyrnaeus</subfield></datafield><datafield ind1="0" ind2=" " tag="400"><subfield code="a">Viōn,</subfield><subfield code="c">ho Smyrnaios</subfield></datafield><datafield ind1=" " ind2=" " tag="670"><subfield code="a">Bion, of Phlossa near Smyrna. Bionis Smyrnaei Adonidis epitaphium, 1985:</subfield><subfield code="b">t.p. (Bionis Smyrnaei) p. 7 (Bione di Smirne)</subfield></datafield><datafield ind1=" " ind2=" " tag="670"><subfield code="a">Megalē Hellēnikē Enkykl.</subfield><subfield code="b">(Viōn, ho Smyrnaios)</subfield></datafield></record>